<record><leader>00000cas a22000007a 4500</leader><controlfield tag="001">12761220</controlfield><controlfield tag="008">851105d18421853wiuwr ne      0    0eng c</controlfield><datafield ind1=" " ind2=" " tag="010"><subfield code="a">sn 85041351 </subfield></datafield><datafield ind1=" " ind2=" " tag="040"><subfield code="a">NPV</subfield><subfield code="b">eng</subfield><subfield code="c">NPV</subfield><subfield code="d">DLC</subfield><subfield code="d">OCLCQ</subfield><subfield code="d">OCLCF</subfield></datafield><datafield ind1="1" ind2=" " tag="029"><subfield code="a">AU@</subfield><subfield code="b">000025813299</subfield></datafield><datafield ind1=" " ind2=" " tag="042"><subfield code="a">pcc</subfield></datafield><datafield ind1=" " ind2=" " tag="043"><subfield code="a">n-us-wi</subfield></datafield><datafield ind1=" " ind2=" " tag="045"><subfield code="a">w4w5</subfield></datafield><datafield ind1="0" ind2="0" tag="050"><subfield code="a">Newspaper</subfield></datafield><datafield ind1=" " ind2=" " tag="052"><subfield code="a">4123</subfield><subfield code="b">R2</subfield></datafield><datafield ind1="0" ind2=" " tag="130"><subfield code="a">Racine advocate (Racine, Wis. : 1842)</subfield></datafield><datafield ind1="1" ind2="0" tag="245"><subfield code="a">Racine advocate.</subfield></datafield><datafield ind1="1" ind2="3" tag="246"><subfield code="a">Weekly advocate</subfield></datafield><datafield ind1=" " ind2=" " tag="260"><subfield code="a">Racine, W.T. [i.e. Wis.] :</subfield><subfield code="b">T.J. Wisner,</subfield><subfield code="c">1842-1853.</subfield></datafield><datafield ind1=" " ind2=" " tag="300"><subfield code="a">11 v. :</subfield><subfield code="b">ill. (chiefly advertisements) ;</subfield><subfield code="c">56 cm.</subfield></datafield><datafield ind1=" " ind2=" " tag="310"><subfield code="a">Weekly</subfield></datafield><datafield ind1="0" ind2=" " tag="362"><subfield code="a">Vol. 1, no. 1 (Nov. 23, 1842)-v. 11, no. 44 (Nov. 22, 1853).</subfield></datafield><datafield ind1=" " ind2=" " tag="500"><subfield code="a">Publisher varies.</subfield></datafield><datafield ind1=" " ind2=" " tag="500"><subfield code="a">Editors: T.J. Wisner, Nov. 23, 1842-June 21, 1943; Wisner &amp; Fuller, June 28-Aug. 9, 1843; M.M. Strong, Oct. 31, 1843-Dec. 17, 1844; P. White, Sept. 9, 1845-March 17, 1846; J.C. Bunner, May 19, 1846-&lt;March 24, 1847&gt;, April 16, 1851-Dec. 15, 1852; C. Clement, &lt;Jan. 26&gt;-Nov. 15, 1853.</subfield></datafield><datafield ind1=" " ind2=" " tag="515"><subfield code="a">Vols. for Dec. 24, 1844-Jan. 5, 1853 called also whole no. 109-whole no. 524.</subfield></datafield><datafield ind1=" " ind2=" " tag="530"><subfield code="a">Also issued on microfilm from The State Historical Society of Wisconsin.</subfield></datafield><datafield ind1=" " ind2=" " tag="580"><subfield code="a">Issued also in a daily edition: Daily Racine advocate, May 9-Nov. 22, 1853.</subfield></datafield><datafield ind1=" " ind2="0" tag="651"><subfield code="a">Racine (Wis.)</subfield><subfield code="v">Newspapers.</subfield></datafield><datafield ind1=" " ind2="7" tag="655"><subfield code="a">Newspapers.</subfield><subfield code="2">fast</subfield><subfield code="0">(OCoLC)fst01423814</subfield></datafield><datafield ind1=" " ind2="7" tag="651"><subfield code="a">Wisconsin</subfield><subfield code="z">Racine.</subfield><subfield code="2">fast</subfield><subfield code="0">(OCoLC)fst01205021</subfield></datafield><datafield ind1=" " ind2=" " tag="752"><subfield code="a">United States</subfield><subfield code="b">Wisconsin</subfield><subfield code="c">Racine</subfield><subfield code="d">Racine.</subfield></datafield><datafield ind1="1" ind2=" " tag="775"><subfield code="t">Daily Racine advocate</subfield><subfield code="w">(DLC)sn 85041349</subfield><subfield code="w">(OCoLC)12757019</subfield></datafield><datafield ind1="0" ind2="0" tag="785"><subfield code="t">Weekly Racine advocate (Racine, Wis. : 1853)</subfield><subfield code="w">(DLC)sn 85041352</subfield><subfield code="w">(OCoLC)12761323</subfield></datafield></record>